<?xml version="1.0" encoding="UTF-8"?><collection xmlns="http://www.loc.gov/MARC21/slim"><record><leader>00419nam--2200133-i-4500</leader><controlfield tag="001">000045720</controlfield><controlfield tag="002">20161230</controlfield><controlfield tag="005">20161230201045</controlfield><controlfield tag="008">060222s1000------------r-----000-0-eng-d</controlfield><datafield ind1=" " ind2=" " tag="080"><subfield code="a">015:577.3</subfield></datafield><datafield ind1=" " ind2=" " tag="100"><subfield code="a">Trouilloud,Michel</subfield></datafield><datafield ind1=" " ind2=" " tag="245"><subfield code="a">Un micro-illuminateur spectral a usages biologiques. essais sur la carotenogenese de quelques micro-organismes. these</subfield></datafield><datafield ind1=" " ind2=" " tag="260"><subfield code="a">Lyon, Univ.Claude Bernard, 1971. 65 P</subfield></datafield><datafield ind1=" " ind2=" " tag="852"><subfield code="a">38104</subfield></datafield></record></collection>